<?xml version="1.0" encoding="UTF-8"?><collection xmlns="http://www.loc.gov/MARC21/slim"><record><leader>00553nam--2200181-i-4500</leader><controlfield tag="001">000049180</controlfield><controlfield tag="002">20161230</controlfield><controlfield tag="005">20161230201047</controlfield><controlfield tag="008">060222s1000------------r-----000-0-eng-d</controlfield><datafield ind1=" " ind2=" " tag="040"><subfield code="a">IFIN-HH</subfield></datafield><datafield ind1=" " ind2=" " tag="080"><subfield code="a">53</subfield></datafield><datafield ind1="1" ind2=" " tag="100"><subfield code="a">Parsegian, L. V</subfield></datafield><datafield ind1="1" ind2="0" tag="245"><subfield code="a">Introduction to natural science. part i: the physical sciences</subfield><subfield code="c">V. lawrence parsegian, alan s. maltzer, abraham s. luchins, k. scott kinerson</subfield></datafield><datafield ind1=" " ind2=" " tag="260"><subfield code="a">New York</subfield><subfield code="b">Academic Press</subfield><subfield code="c">1968</subfield></datafield><datafield ind1=" " ind2=" " tag="300"><subfield code="a">XVI+727P</subfield></datafield><datafield ind1="1" ind2=" " tag="700"><subfield code="a">Kinerson, K. Scott</subfield></datafield><datafield ind1=" " ind2=" " tag="852"><subfield code="a">29443</subfield><subfield code="c">53</subfield></datafield><datafield ind1=" " ind2=" " tag="CAT"><subfield code="a">Sys</subfield><subfield code="c">20150219</subfield><subfield code="h">144744</subfield></datafield></record></collection>